@manual{perf,
    title        = {perf: Linux profiling with performance counters},
    author       = {Linux Kernel Organization},
    year         = {2023},
    url          = {https://perf.wiki.kernel.org/},
    note         = {Accessed: 2023-10-01}%,edition      = {perf version 6.10.12-200.fc40.x86_64}
}