@article{godbolt2020optimizations,
  title={Optimizations in C++ compilers},
  author={Godbolt, Matt},
  journal={Communications of the ACM},
  volume={63},
  number={2},
  pages={41--49},
  year={2020},
  publisher={ACM New York, NY, USA}
}

@article{connolly2023energy,
  title={Energy efficiency of the Visitor Pattern: contrasting {Java} and {C++} implementations},
  author={Connolly Bree, D{\'e}agl{\'a}n and {\'O} Cinn{\'e}ide, Mel},
  journal={Empirical Software Engineering},
  volume={28},
  number={6},
  pages={145},
  year={2023},
  publisher={Springer}
}

@article{tarkowski2023quile,
  title={Quil{\"e}: C++ genetic algorithms scientific library},
  author={Tarkowski, Tomasz},
  journal={Journal of Open Source Software},
  volume={8},
  number={82},
  pages={4902},
  year={2023}
}

@article{jakobovic2024ecf,
  title={ECF: A C++ framework for evolutionary computation},
  author={Jakobovic, Domagoj and {\DJ}urasevi{\'c}, Marko and Picek, Stjepan and Ga{\v{s}}perov, Bruno},
  journal={SoftwareX},
  volume={27},
  pages={101640},
  year={2024},
  publisher={Elsevier}
}

@inproceedings{dreo2021paradiseo,
  title={Paradiseo: from a modular framework for evolutionary computation to the automated design of metaheuristics: 22 years of {Paradiseo}},
  author={Dreo, Johann and Liefooghe, Arnaud and Verel, S{\'e}bastien and Schoenauer, Marc and Merelo, Juan J and Quemy, Alexandre and Bouvier, Benjamin and Gmys, Jan},
  booktitle={Proceedings of the genetic and evolutionary computation conference companion},
  pages={1522--1530},
  year={2021}
}