@inproceedings{back1993optimal,
  title={Optimal mutation rates in genetic search},
  author={B{\"a}ck, Thomas},
  booktitle={Proceedings of the 5th international conference on genetic algorithms},
  pages={2--8},
  year={1993}
}

@inproceedings{watson1998modeling,
  title={Modeling building-block interdependency},
  author={Watson, Richard A and Hornby, Gregory S and Pollack, Jordan B},
  booktitle={Parallel Problem Solving from Natureâ€”PPSN V: 5th International Conference Amsterdam, The Netherlands September 27--30, 1998 Proceedings 5},
  pages={97--106},
  year={1998},
  organization={Springer}
}

@book{eiben2015introduction,
  title={Introduction to evolutionary computing},
  author={Eiben, Agoston E and Smith, James E},
  year={2015},
  publisher={Springer}
}

@incollection{zelinka2013evolutionary,
  title={Do evolutionary algorithms indeed require random numbers? Extended study},
  author={Zelinka, Ivan and Chadli, Mohammed and Davendra, Donald and Senkerik, Roman and Pluhacek, Michal and Lampinen, Jouni},
  booktitle={Nostradamus 2013: Prediction, Modeling and Analysis of Complex Systems},
  pages={61--75},
  year={2013},
  publisher={Springer}
}

@inproceedings{tirronen2011study,
  title={Study on the effects of pseudorandom generation quality on the performance of differential evolution},
  author={Tirronen, Ville and {\"A}yr{\"a}m{\"o}, Sami and Weber, Matthieu},
  booktitle={Adaptive and Natural Computing Algorithms: 10th International Conference, ICANNGA 2011, Ljubljana, Slovenia, April 14-16, 2011, Proceedings, Part I 10},
  pages={361--370},
  year={2011},
  organization={Springer}
}

@inproceedings{cardenas2011sensitiveness,
  title={Sensitiveness of evolutionary algorithms to the random number generator},
  author={C{\'a}rdenas-Montes, Miguel and Vega-Rodr{\'\i}guez, Miguel A and G{\'o}mez-Iglesias, Antonio},
  booktitle={Adaptive and Natural Computing Algorithms: 10th International Conference, ICANNGA 2011, Ljubljana, Slovenia, April 14-16, 2011, Proceedings, Part I 10},
  pages={371--380},
  year={2011},
  organization={Springer}
}
