@inproceedings{medvet2022jgea,
  title={JGEA: a modular java framework for experimenting with evolutionary computation},
  author={Medvet, Eric and Nadizar, Giorgia and Manzoni, Luca},
  booktitle={Proceedings of the genetic and evolutionary computation conference companion},
  pages={2009--2018},
  year={2022}
}

@inproceedings{coletti2020library,
  title={Library for evolutionary algorithms in Python (LEAP)},
  author={Coletti, Mark A and Scott, Eric O and Bassett, Jeffrey K},
  booktitle={Proceedings of the 2020 Genetic and Evolutionary Computation Conference Companion},
  pages={1571--1579},
  year={2020}
}

@inproceedings{de2012deap,
  title={Deap: A python framework for evolutionary algorithms},
  author={De Rainville, Fran{\c{c}}ois-Michel and Fortin, F{\'e}lix-Antoine and Gardner, Marc-Andr{\'e} and Parizeau, Marc and Gagn{\'e}, Christian},
  booktitle={Proceedings of the 14th annual conference companion on Genetic and evolutionary computation},
  pages={85--92},
  year={2012}
}

@article{tonda2020inspyred,
  title={Inspyred: Bio-inspired algorithms in Python},
  author={Tonda, Alberto},
  journal={Genetic Programming and Evolvable Machines},
  volume={21},
  number={1},
  pages={269--272},
  year={2020},
  publisher={Springer}
}

@article{sipper2023ec,
  title={EC-KitY: Evolutionary computation tool kit in Python with seamless machine learning integration},
  author={Sipper, Moshe and Halperin, Tomer and Tzruia, Itai and Elyasaf, Achiya},
  journal={SoftwareX},
  volume={22},
  pages={101381},
  year={2023},
  publisher={Elsevier}
}

@article{toklu2023evotorch,
  title={EvoTorch: scalable evolutionary computation in Python},
  author={Toklu, Nihat Engin and Atkinson, Timothy and Micka, Vojt{\v{e}}ch and Liskowski, Pawe{\l} and Srivastava, Rupesh Kumar},
  journal={arXiv preprint arXiv:2302.12600},
  year={2023}
}

@inproceedings{scott2019ecj,
  title={ECJ at 20: toward a general metaheuristics toolkit},
  author={Scott, Eric O and Luke, Sean},
  booktitle={Proceedings of the genetic and evolutionary computation conference companion},
  pages={1391--1398},
  year={2019}
}

@article{tarkowski2023quile,
  title={Quil{\"e}: C++ genetic algorithms scientific library},
  author={Tarkowski, Tomasz},
  journal={Journal of Open Source Software},
  volume={8},
  number={82},
  pages={4902},
  year={2023}
}

@article{jakobovic2024ecf,
  title={ECF: A C++ framework for evolutionary computation},
  author={Jakobovic, Domagoj and {\DJ}urasevi{\'c}, Marko and Picek, Stjepan and Ga{\v{s}}perov, Bruno},
  journal={SoftwareX},
  volume={27},
  pages={101640},
  year={2024},
  publisher={Elsevier}
}

@inproceedings{dreo2021paradiseo,
  title={Paradiseo: from a modular framework for evolutionary computation to the automated design of metaheuristics: 22 years of {Paradiseo}},
  author={Dreo, Johann and Liefooghe, Arnaud and Verel, S{\'e}bastien and Schoenauer, Marc and Merelo, Juan J and Quemy, Alexandre and Bouvier, Benjamin and Gmys, Jan},
  booktitle={Proceedings of the genetic and evolutionary computation conference companion},
  pages={1522--1530},
  year={2021}
}
