@article{marsaglia2003random,
  title={Random number generators},
  author={Marsaglia, George},
  journal={Journal of Modern Applied Statistical Methods},
  volume={2},
  number={1},
  pages={2},
  year={2003}
}

@inproceedings{jenkins1996isaac,
  title={Isaac},
  author={Jenkins Jr, Robert J},
  booktitle={International Workshop on Fast Software Encryption},
  pages={41--49},
  year={1996},
  organization={Springer}
}

@article{o2014pcg,
  title={PCG: A family of simple fast space-efficient statistically good algorithms for random number generation},
  author={Oâ€™neill, Melissa E},
  journal={ACM Transactions on Mathematical Software},
  year={2014}
}

@article{overton2020romu,
  title={Romu: Fast nonlinear pseudo-random number generators providing high quality},
  author={Overton, Mark A},
  journal={arXiv preprint arXiv:2002.11331},
  year={2020}
}

@Misc{sfc64,
  author =    {Chris Doty-Humphrey},
  title =     {Practically Random version 0.94},
  howpublished = {\url{https://pracrand.sourceforge.net/PractRand.txt}}
  }

@article{blackman2021scrambled,
  title={Scrambled linear pseudorandom number generators},
  author={Blackman, David and Vigna, Sebastiano},
  journal={ACM Transactions on Mathematical Software (TOMS)},
  volume={47},
  number={4},
  pages={1--32},
  year={2021},
  publisher={ACM New York, NY}
}
